@inproceedings{muehlhaus2022feather,
  title={Feather Hair: Interacting with Sensorized Hair in Public Settings},
  author={Muehlhaus, Marie and Steimle, J{\"u}rgen and Koelle, Marion},
  booktitle={Designing Interactive Systems Conference},
  pages={1228--1242},
  year={2022}
}
